@misc{rasheed2024codeporilargescaleautonomoussoftware,
      title={CodePori: Large-Scale System for Autonomous Software Development Using Multi-Agent Technology}, 
      author={Zeeshan Rasheed and Malik Abdul Sami and Kai-Kristian Kemell and Muhammad Waseem and Mika Saari and Kari Systä and Pekka Abrahamsson},
      year={2024},
      eprint={2402.01411},
      archivePrefix={arXiv},
      primaryClass={cs.SE},
      url={https://arxiv.org/abs/2402.01411}, 
},
@misc{hong2024metagptmetaprogrammingmultiagent,
      title={MetaGPT: Meta Programming for A Multi-Agent Collaborative Framework}, 
      author={Sirui Hong and Mingchen Zhuge and Jiaqi Chen and Xiawu Zheng and Yuheng Cheng and Ceyao Zhang and Jinlin Wang and Zili Wang and Steven Ka Shing Yau and Zijuan Lin and Liyang Zhou and Chenyu Ran and Lingfeng Xiao and Chenglin Wu and Jürgen Schmidhuber},
      year={2024},
      eprint={2308.00352},
      archivePrefix={arXiv},
      primaryClass={cs.AI},
      url={https://arxiv.org/abs/2308.00352}, 
},


@misc{qian2024chatdevcommunicativeagentssoftware,
      title={ChatDev: Communicative Agents for Software Development}, 
      author={Chen Qian and Wei Liu and Hongzhang Liu and Nuo Chen and Yufan Dang and Jiahao Li and Cheng Yang and Weize Chen and Yusheng Su and Xin Cong and Juyuan Xu and Dahai Li and Zhiyuan Liu and Maosong Sun},
      year={2024},
      eprint={2307.07924},
      archivePrefix={arXiv},
      primaryClass={cs.SE},
      url={https://arxiv.org/abs/2307.07924}, 
},

@misc{zhang2024empoweringagilebasedgenerativesoftware,
      title={Empowering Agile-Based Generative Software Development through Human-AI Teamwork}, 
      author={Sai Zhang and Zhenchang Xing and Ronghui Guo and Fangzhou Xu and Lei Chen and Zhaoyuan Zhang and Xiaowang Zhang and Zhiyong Feng and Zhiqiang Zhuang},
      year={2024},
      eprint={2407.15568},
      archivePrefix={arXiv},
      primaryClass={cs.SE},
      url={https://arxiv.org/abs/2407.15568}, 
},

@misc{nguyen2024agilecoderdynamiccollaborativeagents,
      title={AgileCoder: Dynamic Collaborative Agents for Software Development based on Agile Methodology}, 
      author={Minh Huynh Nguyen and Thang Phan Chau and Phong X. Nguyen and Nghi D. Q. Bui},
      year={2024},
      eprint={2406.11912},
      archivePrefix={arXiv},
      primaryClass={cs.SE},
      url={https://arxiv.org/abs/2406.11912}, 
},


@misc{hu2024selfevolvingmultiagentcollaborationnetworks,
      title={Self-Evolving Multi-Agent Collaboration Networks for Software Development}, 
      author={Yue Hu and Yuzhu Cai and Yaxin Du and Xinyu Zhu and Xiangrui Liu and Zijie Yu and Yuchen Hou and Shuo Tang and Siheng Chen},
      year={2024},
      eprint={2410.16946},
      archivePrefix={arXiv},
      primaryClass={cs.SE},
      url={https://arxiv.org/abs/2410.16946}, 
}


