@article{einstein,
  author =       "Albert Einstein",
  title =        "{Zur Elektrodynamik bewegter K{\"o}rper}. ({German})
                 [{On} the electrodynamics of moving bodies]",
  journal =      "Annalen der Physik",
  volume =       "322",
  number =       "10",
  pages =        "891--921",
  year =         "1905",
  DOI =          "http://dx.doi.org/10.1002/andp.19053221004"
}

@book{latexcompanion,
    author    = "Michel Goossens and Frank Mittelbach and Alexander Samarin",
    title     = "The \LaTeX\ Companion",
    year      = "1993",
    publisher = "Addison-Wesley",
    address   = "Reading, Massachusetts"
}
 
@misc{knuthwebsite,
    author    = "Donald Knuth",
    title     = "Knuth: Computers and Typesetting",
    url       = "http://www-cs-faculty.stanford.edu/\~{}uno/abcde.html"
}

@misc{huggingface,
  author = {Hugging Face},
  title = {Hugging Face},
  url = {http://huggingface.co},
  note = {Accessed: 13.03.2025}
}

@misc{groq,
  author = {Groq},
  title = {Groq},
  url = {https://groq.com},
  note = {Accessed: 13.03.2025}
}


@misc{autogen,
  author = {Microsoft},
  title = {AutoGen},
  url = {https://microsoft.github.io/autogen/stable/},
  note = {Accessed: 13.03.2025}
}


@article{Cohan_2018,
   title={A Discourse-Aware Attention Model for Abstractive Summarization of
            Long Documents},
   url={http://dx.doi.org/10.18653/v1/n18-2097},
   DOI={10.18653/v1/n18-2097},
   journal={Proceedings of the 2018 Conference of the North American Chapter of
          the Association for Computational Linguistics: Human Language
          Technologies, Volume 2 (Short Papers)},
   publisher={Association for Computational Linguistics},
   author={Cohan, Arman and Dernoncourt, Franck and Kim, Doo Soon and Bui, Trung and Kim, Seokhwan and Chang, Walter and Goharian, Nazli},
   year={2018}
}

@misc{zaheer2021big,
      title={Big Bird: Transformers for Longer Sequences}, 
      author={Manzil Zaheer and Guru Guruganesh and Avinava Dubey and Joshua Ainslie and Chris Alberti and Santiago Ontanon and Philip Pham and Anirudh Ravula and Qifan Wang and Li Yang and Amr Ahmed},
      year={2021},
      eprint={2007.14062},
      archivePrefix={arXiv},
      primaryClass={cs.LG}
}